<record><leader>00000cas a22000007a 4500</leader><controlfield tag="001">18884092</controlfield><controlfield tag="008">881210d19051910iauwr ne      0    0eng d</controlfield><datafield ind1=" " ind2=" " tag="010"><subfield code="a">sn 88060210 </subfield></datafield><datafield ind1=" " ind2=" " tag="040"><subfield code="a">INP</subfield><subfield code="b">eng</subfield><subfield code="c">INP</subfield><subfield code="d">OCLCQ</subfield></datafield><datafield ind1=" " ind2=" " tag="042"><subfield code="a">msc</subfield></datafield><datafield ind1="0" ind2=" " tag="130"><subfield code="a">Industrialist (Davenport, Iowa)</subfield></datafield><datafield ind1="1" ind2="4" tag="245"><subfield code="a">The industrialist.</subfield></datafield><datafield ind1=" " ind2=" " tag="260"><subfield code="a">Davenport, Iowa :</subfield><subfield code="b">Industrialist Co.</subfield></datafield><datafield ind1=" " ind2=" " tag="300"><subfield code="a">v.</subfield></datafield><datafield ind1=" " ind2=" " tag="310"><subfield code="a">Weekly</subfield></datafield><datafield ind1="1" ind2=" " tag="362"><subfield code="a">Issued 1905-1910?</subfield></datafield><datafield ind1=" " ind2=" " tag="500"><subfield code="a">"Official organ of the Davenport Trades and Labor Assembly."</subfield></datafield><datafield ind1=" " ind2=" " tag="588"><subfield code="a">Description based on: 1st year, no. 52 (Apr. 7, 1906).</subfield></datafield><datafield ind1="2" ind2=" " tag="710"><subfield code="a">Trades and Labor Assembly (Davenport, Iowa)</subfield></datafield><datafield ind1="2" ind2=" " tag="710"><subfield code="a">Women's Union Labor League (Davenport, Iowa)</subfield></datafield><datafield ind1=" " ind2=" " tag="752"><subfield code="a">United States</subfield><subfield code="b">Iowa</subfield><subfield code="c">Scott</subfield><subfield code="d">Davenport.</subfield></datafield><datafield ind1="1" ind2=" " tag="029"><subfield code="a">AU@</subfield><subfield code="b">000025806929</subfield></datafield></record>